@misc{roguelike-term,
    author = {Andrew Solovay},
    title = {REC Games Forum Discussion},
    howpublished = {https://groups.google.com/g/news.groups/c/CdWOd-M6g-w/m/cgNn2b9uU2sJ},
    year = {1993}
}

@inproceedings{berlin,
    title = {International Roguelike Development Conference - Berlin Interpretation},
    booktitle = {https://groups.google.com/g/news.groups/c/CdWOd-M6g-w/m/cgNn2b9uU2sJ},
    year = {2008}
}

@misc{godot,
    title = {Godot Engine Website, Features page},
    howpublished = {https://godotengine.org/features/},
}

@misc{unity,
    title = {Unity Engine Website},
    howpublished = {https://unity.com/products/unity-engine},
}

@misc{unity-industry,
    title = {Unity Industry Website},
    howpublished = {https://unity.com/products/unity-industry},
}

@misc{unreal,
    title = {Unreal Engine Website, Features page},
    howpublished = {https://www.unrealengine.com/en-US/features},
}

@misc{rpgmaker,
    title = {RPGMaker Website},
    howpublished = {https://www.rpgmakerweb.com/},
}

@misc{svelte-less,
    author = {Rich Harris},
    title = {Svelte, Write Less Code},
    howpublished = {https://svelte.dev/blog/write-less-code},
    year = {2019}
}

@misc{sveltekit,
    title = {SvelteKit Documentation},
    howpublished = {https://kit.svelte.dev/docs/introduction}
}

@misc{webgl,
    title = {WebGL 2D and 3D graphics for the web},
    howpublished = {https://developer.mozilla.org/en-US/docs/Web/API/WebGL\textunderscore API},
    year={2023}
}

@misc{threejs,
    title = {ThreeJS Github Page},
    howpublished = {https://github.com/mrdoob/three.js},
}

@misc{threlte,
    title = {Threlte Github Page},
    howpublished = {https://github.com/threlte/threlte},
}

@misc{hotscript,
    title = {HOTScript Github Page},
    howpublished = {https://github.com/gvergnaud/hotscript/tree/main},
}

@misc{tailwindcss,
    title = {TailwindCSS Website},
    howpublished = {https://tailwindcss.com/},
}

@misc{monaco-editor,
    title = {Monaco Editor Github page},
    howpublished = {https://github.com/microsoft/monaco-editor},
}

@misc{developer-survey,
    title = {Stackoverflow Developer Survey},
    howpublished = {https://survey.stackoverflow.co/2023/\#section-most-popular-technologies-integrated-development-environment},
}

@misc{tauri,
    title = {Tauri Github Page},
    howpublished = {https://github.com/tauri-apps/tauri},
}

@misc{typedoc,
    title = {TypeDoc Website},
    howpublished = {https://typedoc.org/},
}

@misc{monorepo,
    title = {Monorepo Explained Website},
    howpublished = {https://monorepo.tools/},
}

@misc{tailwind-vscode,
    title = {Visual Studio Code - Tailwind CSS Intellisense Extension},
    howpublished = {https://marketplace.visualstudio.com/items?itemName=bradlc.vscode-tailwindcss},
}

@misc{cdd,
    author={Stuart Wheaton},
    title = {Configuration Driven Development},
    howpublished = {https://stuartwheaton.com/blog/2021-10-13-config-driven-development/},
    year = {2021}
}

@misc{godot-visual,
    author={Juan Linietsky},
    title = {Godot 4.0 will discontinue VisualScript},
    howpublished = {https://godotengine.org/article/godot-4-will-discontinue-visual-scripting/},
    year = {2022}
}

@misc{typescript,
    title = {TypeScript website},
    howpublished = {https://www.typescriptlang.org/},
}

@book{visual-programming,
    author = {Beate Jost and Markus Ketterl and Reinhard Budde and Thorsten Leimbach},
    title = {Graphical Programming Environments for Educational Robots: Open Roberta - Yet Another One?},
    publisher = {IEEE (Institute of Electrical and Electronics Engineers)},
    year = {2014}
}

@misc{tengine-howto,
    title = {T-Engine How to Guide},
    howpublished = {https://te4.org/wiki/T4\_Modules\_Howto\_Guide},
    year={2016}
}

@misc{tengine-docs,
    title = {T-Engine Documentation},
    howpublished = {https://te4.org/docs/t-engine4/1.4.8/index.html},
}

@misc{tengine-download,
    title = {T-Engine download page},
    howpublished = {https://te4.org/download},
}

@misc{tengine-q,
    title = {T-Engine Forums - T-engine4 Tutorials?},
    howpublished = {https://forums.te4.org/viewtopic.php?t=52141},
    year={2021}
}

@misc{tengine-q2,
    title = {T-Engine Forums - Getting Started/Tutorials?},
    howpublished = {https://forums.te4.org/viewtopic.php?t=33175},
    year={2012}
}

@misc{tengine-q3,
    title = {T-Engine Forums - How to actually begin developing in T-Engine 4?},
    howpublished = {https://forums.te4.org/viewtopic.php?t=48858},
    year={2018}
}

@misc{emojistan,
    title = {Emojistan},
    howpublished = {https://emojistan.app/},
}

@misc{rpg-in-a-box,
    title = {RPG in a Box Steam Store page},
    howpublished = {https://store.steampowered.com/app/498310/RPG\_in\_a\_Box/},
}

@misc{low-level,
    title = {How Unity3D Become a Game Development Beast},
    howpublished = {https://www.dice.com/career-advice/how-unity3d-become-a-game-development-beast},
}

@misc{low-level-1,
    title = {Godot Engine GitHub repository},
    howpublished = {https://github.com/godotengine/godot},
}

@misc{low-level-2,
    title = {Bevy Engine GitHub repository},
    howpublished = {https://github.com/bevyengine/bevy},
}

@misc{javascript,
    title = {Mozilla Web Docs | JavaScript},
    howpublished = {https://developer.mozilla.org/en-US/docs/Web/JavaScript},
}

@misc{webgpu,
    title = {Mozilla Web Docs | WebGPU},
    howpublished = {https://developer.mozilla.org/en-US/docs/Web/API/WebGPU\_API},
}

@misc{accessibility,
    title = {W3C | Acccessibility},
    howpublished = {https://www.w3.org/mission/accessibility/},
}

@misc{svelte-key-block,
    title = {Svelte Documentation Page | Key Blocks},
    howpublished = {https://svelte.dev/docs/logic-blocks\#key},
}

@misc{atwood,
    author={Jeff Atwood},
    title = {Jeff Atwood Blog | The Principle of Least Power},
    howpublished = {https://blog.codinghorror.com/the-principle-of-least-power/},
    year={2007}
}
